@book{Ref1,
  title={Distributed systems},
  author={Tanenbaum, Andrew S and Van Steen, Maarten},
  year={2017},
  publisher={CreateSpace Independent Publishing Platform}
}

@article{Ref2,
  title={Leader election problem in distributed algorithm},
  author={Gawali, Deepali P},
  journal={IJCST},
  volume={3},
  number={1},
  year={2012},
  publisher={Citeseer}
}

@article{Ref3,
  title={Chord: a scalable peer-to-peer lookup protocol for internet applications},
  author={Stoica, Ion and Morris, Robert and Liben-Nowell, David and Karger, David R and Kaashoek, M Frans and Dabek, Frank and Balakrishnan, Hari},
  journal={IEEE/ACM Transactions on networking},
  volume={11},
  number={1},
  pages={17--32},
  year={2003},
  publisher={IEEE}
}

@article{Ref4,
  title={Core based trees (CBT)},
  author={Ballardie, Tony and Francis, Paul and Crowcroft, Jon},
  journal={ACM SIGCOMM Computer Communication Review},
  volume={23},
  number={4},
  pages={85--95},
  year={1993},
  publisher={ACM New York, NY, USA}
}

@inproceedings{Ref5,
  title={A critical review of blockchain consensus model},
  author={Khan, Dodo and Jung, Low Tang and Hashmani, Manzoor Ahmed and Waqas, Ahmad},
  booktitle={2020 3rd international conference on computing, mathematics and engineering technologies (iCoMET)},
  pages={1--6},
  year={2020},
  organization={IEEE}
}

@article{Ref6,
  title={Computational complexity: a conceptual perspective},
  author={Goldreich, Oded},
  journal={ACM Sigact News},
  volume={39},
  number={3},
  pages={35--39},
  year={2008},
  publisher={ACM New York, NY, USA}
}

@article{Ref7,
  title={Mode Consensus Algorithms With Finite Convergence Time},
  author={Chao Huang and Hyungbo Shim and Siliang Yu and Brian D. O. Anderson},
  journal={arXiv preprint arXiv:2403.00221},
  year={2024},
  url={https://doi.org/10.48550/arXiv.2403.00221}
}


@inproceedings{Ref8,
  title={Message complexity of distributed algorithms revisited},
  author={Mann, Behnish and Arvavid, Alex},
  booktitle={2014 International Conference on Parallel, Distributed and Grid Computing},
  pages={417--422},
  year={2014},
  organization={IEEE}
}

@article{Ref9,
  title={Enhanced Bully Algorithm for Leader Node Election in Synchronous Distributed Systems},
  author={Md. Golam Murshed and Alastair R. Allen},
  journal={Computers},
  volume={1},
  number={1},
  pages={3-23},
  year={2012},
  publisher={MDPI},
  doi={10.3390/computers1010003}
}

@article{Ref10,
  title={Electing a Leader in Synchronous Rings},
  author={G.N. Fredrickson and N.A. Lynch},
  journal={Journal of the ACM},
  volume={34},
  number={1},
  pages={98-115},
  year={1987},
  doi={10.1145/7531.7533}
}

@inproceedings{Ref11,
  title={Bitcoin: A Peer-to-Peer Electronic Cash System},
  author={Satoshi Nakamoto},
  year={2008},
  url={https://bitcoin.org/bitcoin.pdf}
}

@article{Ref12,
  title={PPCoin: Peer-to-Peer Crypto-Currency with Proof-of-Stake},
  author={Sunny King and Scott Nadal},
  year={2012},
  url={https://peercoin.net/assets/paper/peercoin-paper.pdf}
}
